% Encoding: UTF-8
@misc{wiki:Dynamic_time_warping,
   author = "Wikipedia",
   title = "{Dynamic time warping} --- {W}ikipedia{,} The Free Encyclopedia",
   year = "2019",
   howpublished = {\url{http://en.wikipedia.org/w/index.php?title=Dynamic\%20time\%20warping&oldid=921272827}},
   note = "[Online; accessed 14-November-2019]"
 }
 
@article{DBLP:journals/ida/SalvadorC07,
	author    = {Stan Salvador and
	Philip Chan},
	title     = {Toward accurate dynamic time warping in linear time and space},
	journal   = {Intell. Data Anal.},
	volume    = {11},
	number    = {5},
	pages     = {561--580},
	year      = {2007},
	url       = {http://content.iospress.com/articles/intelligent-data-analysis/ida00303},
	timestamp = {Thu, 16 Aug 2018 14:23:35 +0200},
	biburl    = {https://dblp.org/rec/bib/journals/ida/SalvadorC07},
	bibsource = {dblp computer science bibliography, https://dblp.org}
}

@article{DBLP:journals/csr/Dietzfelbinger08,
  author    = {Martin Dietzfelbinger},
  title     = {Sanjoy Dasgupta, Christos Papadimitriou and Umesh Vazirani, Algorithms,
               McGraw Hill, Boston {(2007)} {ISBN} 978-007352340-8, Jon Kleinberg
               and {\'{E}}va Tardos, Algorithm Design, Pearson/Addison Wesley,
               Boston {(2006)} {ISBN} 978-032129535-4},
  journal   = {Computer Science Review},
  volume    = {2},
  number    = {2},
  pages     = {131--136},
  year      = {2008},
  url       = {https://doi.org/10.1016/j.cosrev.2008.03.001},
  doi       = {10.1016/j.cosrev.2008.03.001},
  timestamp = {Wed, 17 May 2017 14:25:47 +0200},
  biburl    = {https://dblp.org/rec/bib/journals/csr/Dietzfelbinger08},
  bibsource = {dblp computer science bibliography, https://dblp.org}
}

@inproceedings{Keogh:2002:NTS:775047.775062,
	author = {Keogh, Eamonn and Kasetty, Shruti},
	title = {On the Need for Time Series Data Mining Benchmarks: A Survey and Empirical Demonstration},
	booktitle = {Proceedings of the Eighth ACM SIGKDD International Conference on Knowledge Discovery and Data Mining},
	series = {KDD '02},
	year = {2002},
	isbn = {1-58113-567-X},
	location = {Edmonton, Alberta, Canada},
	pages = {102--111},
	numpages = {10},
	url = {http://doi.acm.org/10.1145/775047.775062},
	doi = {10.1145/775047.775062},
	acmid = {775062},
	publisher = {ACM},
	address = {New York, NY, USA},
	keywords = {data mining, experimental evaluation, time series},
} 

@article{DBLP:journals/dcg/EdelsbrunnerGS89,
  author    = {Herbert Edelsbrunner and
               Leonidas J. Guibas and
               Micha Sharir},
  title     = {The Upper Envelope of Piecewise Linear Functions: Algorithms and Applications},
  journal   = {Discrete {\&} Computational Geometry},
  volume    = {4},
  pages     = {311--336},
  year      = {1989},
  url       = {https://doi.org/10.1007/BF02187733},
  doi       = {10.1007/BF02187733},
  timestamp = {Tue, 26 Jun 2018 14:09:59 +0200},
  biburl    = {https://dblp.org/rec/bib/journals/dcg/EdelsbrunnerGS89},
  bibsource = {dblp computer science bibliography, https://dblp.org}
}

@article{DBLP:journals/dcg/PachS89,
  author    = {J{\'{a}}nos Pach and
               Micha Sharir},
  title     = {The Upper Envelope of Piecewise Linear Functions and the Boundary
               of a Region Enclosed by Convex Plates: Combinatorial Analysis},
  journal   = {Discrete {\&} Computational Geometry},
  volume    = {4},
  pages     = {291--309},
  year      = {1989},
  url       = {https://doi.org/10.1007/BF02187732},
  doi       = {10.1007/BF02187732},
  timestamp = {Tue, 26 Jun 2018 14:09:56 +0200},
  biburl    = {https://dblp.org/rec/bib/journals/dcg/PachS89},
  bibsource = {dblp computer science bibliography, https://dblp.org}
}

@Comment{jabref-meta: databaseType:bibtex;}
